% Encoding: UTF-8

@online{NDR2022,
    author = {Norddeutscher Rundfunk},
    title = {Neue Ampelschaltung: Vorfahrt für Fußgänger und Radfahrer},
    url = {https://www.ndr.de/nachrichten/hamburg/Neue-Ampelschaltung-Vorfahrt-fuer-Fussgaenger-und-Radfahrer,ampelschaltung100.html},
    urldate = {2023-09-15},
    year = {2022}
}

@www{Mars2023,
    author = {{MARS Group}},
    title = {MARS - Multi-Agent Research and Simulation},
    year = {2023},
    url = {https://www.mars-group.org/},
    urldate = {2023-09-15}
},

@www{SOH2023,
    author = {{MARS Group}},
    title = {{SmartOpenHamburg}},
    year = {2023},
    url = {https://www.mars-group.org/docs/tutorial/soh/},
    urldate = {2023-09-15}
},

@thesis{Baldwin2010,
    author = {W. Clifton Baldwin and Brian Sauser and Robert Clutier},
    title = {Simulation Approaches for System of Systems: Events-Based versus Agent Based Modeling},
    institution = {Procedia Computer Science},
    type = {Short Paper},
    year = {2010}
},

@online{FHH2015,
    author = {{Freie und Hansestadt Hamburg, Behörde für Wirtschaft, Verkehr und Innovation: Amt für Verkehr- und Straßenwesen}},
    title = {Vorabinformation zur beabsichtigten Direktvergabe eines öffentlichen Dienstleistungsauftrags der Freien und Hansestadt Hamburg an die Verkehrsbetriebe Hamburg-Holstein GmbH (VHH)},
    year = {2015},
    url = {https://www.hamburg.de/contentblob/4648186/c282512c81cefae55d8cac95cb62569a/data/vhh-direktvergabe-ergaenzendes-dokument.pdf},
    urldate = {2023-09-14}
},

@online{Denk2018,
    author = {{Timo Denk}},
    title = {Online Tools - Cubic spline interpolation},
    year = {2018},
    url = {https://tools.timodenk.com/cubic-spline-interpolation},
    urldate = {2023-09-14}
},

@online{SAHHSH2021,
    author = {{Statistikamt Nord, Statistisches Amt für Hamburg und Schleswig-Holstein}},
    title = {Hamburger Stadtteil-Profile - Berichtsjahr 2021},
    year = {2021},
    url = {https://www.statistik-nord.de/fileadmin/Dokumente/NORD.regional/Stadtteil-Profile_HH-BJ-2021.pdf},
    urldate = {2023-09-14}
},

@online{OSF2004,
    author = {{OpenStreetMap-Foundation}},
    title = {OpenStreetMap},
    year = {2004},
    url = {https://www.openstreetmap.org/#map=14/53.5695/10.0063},
    urldate = {2023-09-14}
}

@www{HHH2014,
    author = {{Handelskammer Hamburg}},
    title = {Stadtmobilität in Hamburg 2030},
    year = {2014},
    url = {https://www.ihk.de/blueprint/servlet/resource/blob/1153060/150421f8a1dc1bb8bfc368d3197cc2e1/standpunkt-stadtmobilitaet-in-hamburg-2030-data.pdf},
    urldate = {2023-09-14}
}

@thesis{Kuang2021,
    author = {Li Kuang and Jianbo Zheng and Kemu Li and Honghao Gao},
    title = {Intelligent Traffic Signal Control Based on Reinforcement Learning with State Reduction for Smart Cities},
    type = {Research Article},
    institution = {Central South University},
    year = {2021}
}

@thesis{Kurtc2020,
    author = {Valentina Kurtc and Martin Treiber},
    title = {Simulating bicycle traffic by the intelligent-driver model-Reproducing the traffic-wave characteristics observed in a bicycle-following experiment},
    type = {Original Research Paper},
    institution = {Chang'An University},
    year = {2020}
}

@thesis{Bouderba2019,
    author = {Saif Islam Bouderba and Najem Moussa},
    title = {Reinforcement Learning (Q-LEARNING) traffic light controller within intersection traffic system},
    type = {Research Article},
    institution = {University of Chouaib Doukkali},
    year = {2019}
}

@mastersthesis{Mulack2020,
    author = {Katharina Mulack},
    title = {Multiagenten Simulation von Fahrradfahrern im Kontext urbaner Verkehrsdynamik},
    institution = {Universität Hamburg},
    date = {2020},
}
